@article{rp2,
  title={Real Projective Plane},
  author={Wikipedia},
  url = {https://en.wikipedia.org/wiki/Real_projective_plane},
  note = {Retrieved April 2nd, 2014}
}

@article{petersen,
  title={Petersen graph},
  author={Wikipedia},
  url = {https://en.wikipedia.org/wiki/Petersen_graph},
  note = {Retrieved March 29th, 2014}
}

@article{kneser,
  title={Kneser graph},
  author={Wikipedia},
  url = {https://en.wikipedia.org/wiki/Kneser_graph},
  note = {Retrieved March 29th, 2014}
}

@article{crossingnr,
  title={Hypohamiltonian graphs and their crossing number},
  author={Zamfirescu, Carol T},
  journal={The Electronic Journal of Combinatorics},
  volume={19},
  number={4},
  year={2012}
}

@book{hatcher,
  title={Algebraic Topology},
  author={Hatcher, A.},
  isbn={9780521795401},
  lccn={00065166},
  year={2002},
  publisher={Cambridge University Press}
}

@book{bilderbuch,
  title={Bilder der Mathematik},
  author={Glaeser, Georg and Polthier, Konrad},
  isbn={9783827425652},
  year={2010},
  publisher={Spektrum Akademischer Verlag}
}

@book{petersengraphbook,
  title={The Petersen Graph},
  author={Holton, D.A. and Sheehan, J.},
  isbn={9780521435949},
  lccn={gb94018594},
  series={Australian Mathematical Society Lecture Series},
  year={1993},
  publisher={Cambridge University Press}
}
