@article{petersen,
  title={Petersen graph},
  author={Wikipedia},
  url = {https://en.wikipedia.org/wiki/Petersen_graph},
  note = {Retrieved March 29th, 2014}
}

@article{kneser,
  title={Kneser graph},
  author={Wikipedia},
  url = {https://en.wikipedia.org/wiki/Kneser_graph},
  note = {Retrieved March 29th, 2014}
}

@article{crossingnr,
  title={Hypohamiltonian graphs and their crossing number},
  author={Zamfirescu, Carol T},
  journal={The Electronic Journal of Combinatorics},
  volume={19},
  number={4},
  year={2012}
}
